<?xml version="1.0" encoding="UTF-8"?><collection xmlns="http://www.loc.gov/MARC21/slim"><record><leader>00485nam--2200193-u-4500</leader><controlfield tag="001">000055282</controlfield><controlfield tag="002">20161230</controlfield><controlfield tag="005">20161230201052</controlfield><controlfield tag="008">121206s1000------------r-----000-0-rus-d</controlfield><datafield ind1=" " ind2=" " tag="040"><subfield code="a">IFIN-HH</subfield></datafield><datafield ind1=" " ind2=" " tag="041"><subfield code="a">rus</subfield></datafield><datafield ind1=" " ind2=" " tag="080"><subfield code="a">539.3/.5</subfield></datafield><datafield ind1="1" ind2=" " tag="100"><subfield code="a">Gindin, I.A</subfield></datafield><datafield ind1="1" ind2="0" tag="245"><subfield code="a">Fizika programmnogo uprocenenia</subfield><subfield code="c">I.a. gindin, i.m. nekliudov</subfield></datafield><datafield ind1=" " ind2=" " tag="260"><subfield code="a">Kiev</subfield><subfield code="b">Naukova Dumka</subfield><subfield code="c">1979</subfield></datafield><datafield ind1=" " ind2=" " tag="300"><subfield code="a">181P</subfield></datafield><datafield ind1="1" ind2=" " tag="700"><subfield code="a">Nekliudov, I.M</subfield></datafield><datafield ind1=" " ind2=" " tag="852"><subfield code="a">75240</subfield><subfield code="c">539.21</subfield></datafield><datafield ind1=" " ind2=" " tag="CAT"><subfield code="a">Sys</subfield><subfield code="c">20121206</subfield><subfield code="h">160730</subfield></datafield></record></collection>